@article{VazquezvonBibow2024,
author = {{Vazquez von Bibow}, N. and Mill{\'{a}}n, E.N. and Ruestes, C.J.},
doi = {10.1016/j.commatsci.2024.112884},
issn = {09270256},
journal = {Computational Materials Science},
month = {mar},
pages = {112884},
title = {{Topological changes and deformation mechanisms of nanoporous Ta under compression}},
url = {https://linkinghub.elsevier.com/retrieve/pii/S0927025624001058},
volume = {236},
year = {2024}
}
@inproceedings{Vazquez2022,
address = {Mar del Plata},
author = {Vazquez, Nicol{\'{a}}s and Ruestes, Carlos J.},
booktitle = {20Â° CONGRESO INTERNACIONAL DE MATERIALES (SAM-CONAMET)},
title = {{Software open-source para la generaci{\'{o}}n de estructuras bicontinuas estoc{\'{a}}sticas}},
url = {https://github.com/nicolasvazquez95/Nanofoams_Creator/raw/main/ref/abstract_conference.pdf},
year = {2022}
}
